@book {AlperinLRT,
    AUTHOR = {Alperin, J. L.},
     TITLE = {Local representation theory},
    SERIES = {Cambridge Studies in Advanced Mathematics},
    VOLUME = {11},
      NOTE = {Modular representations as an introduction to the local
              representation theory of finite groups},
 PUBLISHER = {Cambridge University Press, Cambridge},
      YEAR = {1986},
     PAGES = {x+178},
      ISBN = {0-521-30660-4; 0-521-44926-X},
   MRCLASS = {20-02 (20C20)},
  MRNUMBER = {860771},
MRREVIEWER = {Peter W. Donovan},
       DOI = {10.1017/CBO9780511623592},
       URL = {https://doi.org/10.1017/CBO9780511623592},
}

@book {AlperinBell,
    AUTHOR = {Alperin, J. L. and Bell, Rowen B.},
     TITLE = {Groups and representations},
    SERIES = {Graduate Texts in Mathematics},
    VOLUME = {162},
 PUBLISHER = {Springer-Verlag, New York},
      YEAR = {1995},
     PAGES = {x+194},
      ISBN = {0-387-94525-3},
   MRCLASS = {20-01},
  MRNUMBER = {1369573},
MRREVIEWER = {David Chillag},
       DOI = {10.1007/978-1-4612-0799-3},
       URL = {https://doi.org/10.1007/978-1-4612-0799-3},
}

@book {CurtisReiner,
    AUTHOR = {Curtis, Charles W. and Reiner, Irving},
     TITLE = {Representation theory of finite groups and associative
              algebras},
      NOTE = {Reprint of the 1962 original},
 PUBLISHER = {AMS Chelsea Publishing, Providence, RI},
      YEAR = {2006},
     PAGES = {xiv+689},
      ISBN = {0-8218-4066-5},
   MRCLASS = {16-02 (20-02 20Cxx)},
  MRNUMBER = {2215618},
       DOI = {10.1090/chel/356},
       URL = {https://doi.org/10.1090/chel/356},
}

@book {Etingof,
    AUTHOR = {Etingof, Pavel and Golberg, Oleg and Hensel, Sebastian and
              Liu, Tiankai and Schwendner, Alex and Vaintrob, Dmitry and
              Yudovina, Elena},
     TITLE = {Introduction to representation theory},
    SERIES = {Student Mathematical Library},
    VOLUME = {59},
      NOTE = {With historical interludes by Slava Gerovitch},
 PUBLISHER = {American Mathematical Society, Providence, RI},
      YEAR = {2011},
     PAGES = {viii+228},
      ISBN = {978-0-8218-5351-1},
   MRCLASS = {20G15 (16-01 16G10 17B10 20-01)},
  MRNUMBER = {2808160},
MRREVIEWER = {Burkhard K\"{u}lshammer},
       DOI = {10.1090/stml/059},
       URL = {https://doi.org/10.1090/stml/059},
}

@book {FultonHarris,
    AUTHOR = {Fulton, William and Harris, Joe},
     TITLE = {Representation theory},
    SERIES = {Graduate Texts in Mathematics},
    VOLUME = {129},
      NOTE = {A first course,
              Readings in Mathematics},
 PUBLISHER = {Springer-Verlag, New York},
      YEAR = {1991},
     PAGES = {xvi+551},
      ISBN = {0-387-97527-6; 0-387-97495-4},
   MRCLASS = {20G05 (17B10 20G20 22E46)},
  MRNUMBER = {1153249},
MRREVIEWER = {James E. Humphreys},
       DOI = {10.1007/978-1-4612-0979-9},
       URL = {https://doi.org/10.1007/978-1-4612-0979-9},
}

@book {Serre,
    AUTHOR = {Serre, Jean-Pierre},
     TITLE = {Linear representations of finite groups},
    SERIES = {Graduate Texts in Mathematics, Vol. 42},
      NOTE = {Translated from the second French edition by Leonard L. Scott},
 PUBLISHER = {Springer-Verlag, New York-Heidelberg},
      YEAR = {1977},
     PAGES = {x+170},
      ISBN = {0-387-90190-6},
   MRCLASS = {20CXX},
  MRNUMBER = {0450380},
MRREVIEWER = {W. Feit},
}

@book {Lang,
    AUTHOR = {Lang, Serge},
     TITLE = {Algebra},
    SERIES = {Graduate Texts in Mathematics},
    VOLUME = {211},
   EDITION = {third},
 PUBLISHER = {Springer-Verlag, New York},
      YEAR = {2002},
     PAGES = {xvi+914},
      ISBN = {0-387-95385-X},
   MRCLASS = {00A05 (15-02)},
  MRNUMBER = {1878556},
       DOI = {10.1007/978-1-4613-0041-0},
       URL = {https://doi.org/10.1007/978-1-4613-0041-0},
}

@book {DF,
    AUTHOR = {Dummit, David S. and Foote, Richard M.},
     TITLE = {Abstract algebra},
   EDITION = {Third},
 PUBLISHER = {John Wiley \& Sons, Inc., Hoboken, NJ},
      YEAR = {2004},
     PAGES = {xii+932},
      ISBN = {0-471-43334-9},
   MRCLASS = {00-01 (16-01 20-01)},
  MRNUMBER = {2286236},
}

@book {Eisenbud,
    AUTHOR = {Eisenbud, David},
     TITLE = {Commutative algebra},
    SERIES = {Graduate Texts in Mathematics},
    VOLUME = {150},
      NOTE = {With a view toward algebraic geometry},
 PUBLISHER = {Springer-Verlag, New York},
      YEAR = {1995},
     PAGES = {xvi+785},
      ISBN = {0-387-94268-8; 0-387-94269-6},
   MRCLASS = {13-01 (14A05)},
  MRNUMBER = {1322960},
MRREVIEWER = {Matthew Miller},
       DOI = {10.1007/978-1-4612-5350-1},
       URL = {https://doi.org/10.1007/978-1-4612-5350-1},
}
